<record><leader>00000cas a22000007a 4500</leader><controlfield tag="001">22687688</controlfield><controlfield tag="008">901114d18861uuunjuwr ne      0    0eng d</controlfield><datafield ind1=" " ind2=" " tag="010"><subfield code="a">sn 90063076 </subfield></datafield><datafield ind1=" " ind2=" " tag="040"><subfield code="a">NJW</subfield><subfield code="b">eng</subfield><subfield code="c">NJW</subfield><subfield code="d">OCLCQ</subfield></datafield><datafield ind1=" " ind2=" " tag="042"><subfield code="a">msc</subfield></datafield><datafield ind1="0" ind2="0" tag="245"><subfield code="a">Elmer times.</subfield></datafield><datafield ind1=" " ind2=" " tag="260"><subfield code="a">Elmer, N.J. :</subfield><subfield code="b">John L. Davis, Jr.</subfield></datafield><datafield ind1=" " ind2=" " tag="300"><subfield code="a">v.</subfield></datafield><datafield ind1=" " ind2=" " tag="310"><subfield code="a">Weekly</subfield></datafield><datafield ind1="0" ind2=" " tag="362"><subfield code="a">Vol. 1, no. 25 (July 3, 1886)-</subfield></datafield><datafield ind1=" " ind2=" " tag="752"><subfield code="a">United States</subfield><subfield code="b">New Jersey</subfield><subfield code="c">Salem</subfield><subfield code="d">Elmer.</subfield></datafield><datafield ind1="0" ind2="0" tag="780"><subfield code="t">Elmer gazette (Elmer, N.J. : 1885)</subfield><subfield code="w">(DLC)sn 90063075</subfield></datafield></record>